<?xml version="1.0" encoding="UTF-8"?><collection xmlns="http://www.loc.gov/MARC21/slim"><record><leader>00646nam--2200205-u-4500</leader><controlfield tag="001">000051939</controlfield><controlfield tag="002">20161230</controlfield><controlfield tag="005">20161230201049</controlfield><controlfield tag="008">090507s1000------------r-----000-0-eng-d</controlfield><datafield ind1=" " ind2=" " tag="040"><subfield code="a">IFIN-HH</subfield></datafield><datafield ind1="1" ind2="0" tag="100"><subfield code="a">Warren, Warren S</subfield></datafield><datafield ind1="1" ind2="0" tag="245"><subfield code="a">Advances in Magnetic and Optical Resonance</subfield><subfield code="c">Warren S. Warren</subfield></datafield><datafield ind1=" " ind2=" " tag="260"><subfield code="a">Amsterdam</subfield><subfield code="b">Academic Press</subfield></datafield><datafield ind1=" " ind2=" " tag="300"><subfield code="a">Doua volume</subfield></datafield><datafield ind1=" " ind2=" " tag="490"><subfield code="a">Advances in Magnetic and Optical Resonance</subfield><subfield code="v">vol.19 and 20</subfield></datafield><datafield ind1=" " ind2=" " tag="650"><subfield code="a">Optical resonance</subfield></datafield><datafield ind1=" " ind2=" " tag="787"><subfield code="a">vol. 20</subfield><subfield code="d">1997</subfield><subfield code="h">397 p</subfield><subfield code="z">9780120255207</subfield></datafield><datafield ind1=" " ind2=" " tag="852"><subfield code="a">82122</subfield></datafield><datafield ind1=" " ind2=" " tag="856"><subfield code="u">http://www.sciencedirect.com/science/bookseries/10572732</subfield></datafield><datafield ind1=" " ind2=" " tag="CAT"><subfield code="a">Sys</subfield><subfield code="c">20090511</subfield><subfield code="h">135022</subfield></datafield></record></collection>